@manual{LM2023,
	title = {BME 282 --- Materials Science for Biomedical Engineers},
	year = 2023,
	organization = {Department of Systems Design Engineering},
	key = {BME 282 Lab Manual}
}
@book{Hibbeler2022,
	title = {Mechanics of Materials},
	author = {Russell C. Hibbeler},
	year = 2022,
	publisher = {Pearson},
	edition = {11th}
}
@book{Douglas2014,
	title = {Introduction to Material Science and Engineering, A Guided Inquiry},
	author = {Elliot P. Douglas},
	year = 2014,
	publisher = {Pearson}
}
@article{Arianto2019,
	title = {Study on the effect of cold-rolling and subsequence welding on the corrosion rate of 304l},
	author = {Arianto, N. and Suwarno, S.},
	year = 2019,
	journal = {The International Journal of Mechanical Engineering and Sciences},
	volume = 3,
	pages = 1,
	doi = {10.12962/j25807471.v3i1.8967},
	issue = 1
}
@article{Emordi2020,
	title = {Image j analysis of six different annealed temperatures of 0.17\% c of hsla steels},
	author = {Emordi, N. and Iweriolor, S. and Obimma, O.},
	year = 2020,
	journal = {World Journal of Engineering and Technology},
	volume = {08},
	pages = {617--629},
	doi = {10.4236/wjet.2020.84043},
	issue = {04}
}
@article{Lin2016,
	title = {A fiber-coupled self-mixing laser diode for the measurement of young's modulus},
	author = {Lin, K. and Yu, Y. and Xi, J. and Li, H. and Guo, Q. and Tong, J. and Su, L.},
	year = 2016,
	journal = {Sensors},
	volume = 16,
	pages = 928,
	doi = {10.3390/s16060928},
	issue = 6
}
@article{Xiao2011,
	title = {Measurement of young's modulus of polyacrylamide gel by digital holography},
	author = {Xiao, Y. and Liu, C. and Clark, D. and Kim, M. K.},
	year = 2011,
	journal = {Digital Holography and Three-Dimensional Imaging},
	doi = {10.1364/dh.2011.dtuc32}
}
@manual{SAE1999,
	title = {SAE Ferrous Materials Standards Manual},
	year = 1999,
	organization = {Society of Automotive Engineers, Inc.},
	key = {SAE Manual}
}
@article{Li2012,
	title = {Development of precipitation strengthened brass with ti and sn alloying elements additives by using water atomized powder via powder metallurgy route},
	author = {Li, S. and Imai, H. and Kondoh, K. and Kojima, A. and Kosaka, Y. and Yamamoto, K. and Takahashi, M.},
	year = 2012,
	journal = {Materials Chemistry and Physics},
	volume = 135,
	pages = {644--652},
	doi = {10.1016/j.matchemphys.2012.05.039},
	issue = {2-3}
}
@article{Norvydas2013,
	title = {Investigation of polyvinyl chloride and thermoplastic polyurethane waste blend miscibility},
	author = {Norvydas, V. and Munassipov, S.},
	year = 2013,
	journal = {Materials Science},
	volume = 19,
	doi = {10.5755/j01.ms.19.4.3145},
	issue = 4
}
@article{Pan2020,
	title = {effect of annealing process on microstructure, texture, and mechanical properties of a fe-si-cr-mo-c deep drawing dual-phase steel},
	author = {Pan, H. and Shen, X. and Li, D. and Liu, Y. and Cao, J. and Yaqiang, T. and Zhan, H. and Wang, H. and Wang, Z.},
	year = 2020,
	journal = {Crystals},
	volume = 10,
	pages = 777,
	doi = {10.3390/cryst10090777},
	issue = 9
}
@article{Woodroof2009,
	title = {The search for an ideal temporary skin substitute: AWBAT},
	author = {Woodroof E. A.},
	year = 2009,
	journal = {Eplasty}
}
@article{Kazmer2014,
	title = {System identification and modeling of viscoelastic behavior from capillary melt rheological data},
	author = {Kazmer, D. O.},
	year = 2014,
	journal = {Polymer Engineering \&Amp; Science},
	volume = 54,
	pages = {2824--2838},
	doi = {10.1002/pen.23840},
	issue = 12
}
@article{Poapongsakorn2011,
	title = {Time-dependent deformation of closed-cell pvc foam},
	author = {Poapongsakorn, P. and Kanchanomai, C.},
	year = 2011,
	journal = {Journal of Cellular Plastics},
	volume = 47,
	pages = {323--336},
	doi = {10.1177/0021955x11401014},
	issue = 4
}
@article{Lan2013,
	title = {on the relationships between hardness and the elastic and plastic properties of isotropic power-law hardening materials},
	author = {Lan, H. and Venkatesh, T.},
	year = 2013,
	journal = {the Philosophical Magazine a Journal of Theoretical Experimental and Applied Physics},
	volume = 94,
	pages = {35--55},
	doi = {10.1080/14786435.2013.839889},
	issue = 1
}
