@book{SNEDECOR1989,
    title = "Statistical Methods",
    author = "George W. Snedecor and William G. Cochran",
    publisher = "Iowa State University Press",
    year = "1989",
    edition = "8th"
}

@manual{1OLM2023,
    title = "Lab 1 - Load Cell Calibration",
	organization = "Department of Systems Design Engineering",
	year = "2023",
    key = "Online Lab 1 Manual"
}