@book{SNEDECOR1989,
    title = "Statistical Methods",
    author = "George W. Snedecor and William G. Cochran",
    publisher = "Iowa State University Press",
    year = "1989",
    edition = "8th"
}

@book{Hibbeler2022,
    title = "Mechanics of Materials",
    author = "Russell C. Hibbeler",
    publisher = "Pearson",
    year = "2022",
    edition = "11th"
}

@manual{2OLM2023,
    title = "Lab 2 - Load Cell Calibration",
	organization = "Department of Systems Design Engineering",
	year = "2023",
    key = "Online Lab 1 Manual"
}