@manual{OLM2023,
    title = "BME 285L Online Lab Manual",
	organization = "Department of Biology",
	year = "2023",
    key = "Online Lab Manual"
}

@article{ABDELHAFEZ1977631,
title = {Studies on Protein Production by Yeasts: II. Protein, Non-protein Nitrogen, and Amino Acid Content of Yeast Strains},
journal = {Zentralblatt für Bakteriologie, Parasitenkunde, Infektionskrankheiten und Hygiene. Zweite Naturwissenschaftliche Abteilung: Allgemeine, Landwirtschaftliche und Technische Mikrobiologie},
volume = {132},
number = {7},
pages = {631-640},
year = {1977},
issn = {0044-4057},
doi = {https://doi.org/10.1016/S0044-4057(77)80045-2},
url = {https://www.sciencedirect.com/science/article/pii/S0044405777800452},
author = {A.M. Abdel-Hafez and S.A.Z. Mahmoud and M. El-Sawy and E.M. Ramadan},
abstract = {Summary
The most efficient strains that gave high yield and showed rapid rate of growth and shortest generation time were used for determining their protein, non-protein nitrogen, and amino acids content. In addition, different classical foodstuffs were analyzed for protein and amino acids content for comparison with those yeast strains. These studies aimed at elucidating the nutritional value of selected strains of yeast. S. cerevisiae Gr. 104 contained high percentage of protein (55.19 %). Strains S. cerevisiae (Gr. 104, F. 12, and D. 4), C. utilis (F. 86), C. tropicalis (F. 35 and F. 222), C. mycoderma (Gr. 24), and H. anomala (Gr. 5) gave higher amounts of protein per liter culture than other yeast cultures. The results obtained from the hydrolysis of yeast protein showed the presence of all essential amino acids. Lysine, leucine, aspartic acid, glutamic acid, and isoleucine were the major components of yeast protein. Most amino acids of yeast strains were in the same range with eggs, meat muscle, and fish, but the amount of sulphur amino acids was lower than that found in animal proteins, however, higher than that of plant proteins. It was also found that the yeast strains contained an amount of lysine higher than that of cereal proteins. Thus, addition of such yeast protein to cereal foods will not only increase their nutritional value but also increase the assimilability of the original cereal proteins by compensating their deficiencies in some amino acids.
Zusammenfassung
Die wirkungsfähigsten Hefestämme, die einen hohen Ertrag ergaben, die schnellste Wachstumsrate und kürzeste Fortpflanzungszeit hatten, wurden benutzt, um ihr Eiweiß, ihren Nicht-Eiweiß-Stickstoff und ihren Aminosäuregehalt zu identifizieren. Außerdem wurden einige Lebensmittel auf ihren Eiweiß- und Aminosäuregehalt hin analysiert und mit Hefestämmen verglichen. Diese Untersuchungen wurden durchgeführt, um den Nährwert der ausgewählten Hefestämme zu ermitteln. Die Ergebnisse zeigen, daß Saccharomyces cerevisiae Gr. 104 einen hohen Prozentsatz an Eiweiß(55,19%) enthielt. Die Stämme S. cerevisiae (Gr. 104, F. 12 und D. 4), C. utilis (F. 86), C. tropicalis (F. 35 und F. 222), C. mycoderma (Gr. 24) und H. anomala (Gr. 5) ergaben höhere Eiweißmengen pro Liter Kulturmedium als andere Hefekulturen. Das Eiweiß in den Hefestämmen enthielt alle essentiellen Aminosäuren. Lysin, Leuzin, Asparaginsäure, Glutaminsäure und Isoleuzin waren die dominierenden Komponenten von Hefeeiweiß. Die meisten Aminosäuren von Hefestämmen waren im gleichen Grade in Eiern, Muskelfleisch und Fisch vorhanden, aber der Anteil der schwefelhaltigen Aminosäuren war niedriger als der im Tiereiweiß, jedoch höher als im Pflanzeneiweiß. Es wurde auch gefunden, daß Hefestämme einen höheren Lysingehalt als das Korneiweiß besitzen. Die Zugabe von Hefeeiweiß zu Backwaren erhöht nicht nur den Gesamt-Aminosäuregehalt, sondern verbessert auch die Ausnützung des Korneiweißes.}
}

@incollection{PERRETT2014598,
title = {23 - Efficacy of current and novel cleaning technologies (ProReveal) for assessing protein contamination on surgical instruments},
editor = {J.T. Walker},
booktitle = {Decontamination in Hospitals and Healthcare},
publisher = {Woodhead Publishing},
pages = {598-619},
year = {2014},
isbn = {978-0-85709-657-9},
doi = {https://doi.org/10.1533/9780857096692.3.598},
url = {https://www.sciencedirect.com/science/article/pii/B9780857096579500230},
author = {D. Perrett and N.K. Nayuni},
keywords = {residual proteins on surgical instruments, Biuret assay, bicinchoninic acid (BCA) assay, Coomassie assay,  fluorescent assays},
abstract = {Abstract:
This chapter critically reviews the various methods currently used to detect total residual protein on reusable surgical instruments. The traditional methods that involve desorption of the proteins followed by standard biochemical assays for protein are described and compared. New fluorescent methods for the in situ detection of proteins on instruments are then described as well as some speculation on future methods.}
}

@Article{cjf-201606-0012,
author="Podpora, Bartlomiej
and Swiderski, Franciszek
and Sadowska, Anna
and Rakowska, Rita
and Wasiak-Zys, Grazyna",
title="Spent brewer's yeast extracts as a new component of functional food",
journal="Czech Journal of Food Sciences",
year="2016",
volume="34",
number="6",
pages="554--563",
keywords="brewing by-products; flavour enhancers; natural food additives",
abstract="The use of yeast extracts as a natural and valuable additive ingredient intended for the production of functional food and dietary supplements were demonstrated. The chemical composition, amino acid analysis, determination of protein molecular weights, antioxidant properties, and sensory evaluation were carried out for two yeast extracts. It was found that the tested extracts are characterised by high essential amino acid content, exceeding the levels of reference protein developed by the FAO/WHO, and high antioxidant activity. Sensory characteristics of tested extracts may favourably influence the quality of the proposed functional foods and dietary supplements. The obtained results indicate that the tested extracts can be utilised as a source of free amino acids and peptides in the design of functional foods and dietary supplements.",
issn="12121800",
doi="10.17221/419/2015-CJFS",
url="https://cjfs.agriculturejournals.cz/artkey/cjf-201606-0012.php"
}