@book{SNEDECOR1989,
    title = "Statistical Methods",
    author = "George W. Snedecor and William G. Cochran",
    publisher = "Iowa State University Press",
    year = "1989",
    edition = "8th"
}

@book{Hibbeler2022,
    title = "Mechanics of Materials",
    author = "Russell C. Hibbeler",
    publisher = "Pearson",
    year = "2022",
    edition = "11th"
}

@manual{3LM2023,
    title = "Lab 3 - Three and Four Point Bending",
	organization = "Department of Systems Design Engineering",
	year = "2023",
    key = "Lab 3 Manual"
}

@article{Xue2017,
  author = {Xue, H. and Khawaja, H. A.},
  title = {Analytical study of sandwich structures using euler-bernoulli beam equation},
  journal = {AIP Conference Proceedings},
  year = {2017},
  doi = {10.1063/1.4972668}
}

@article{Dai2022,
  author = {Dai, X. and Fan, R. and Wu, H. and Jia, Z.},
  title = {Investigation on the differences in the failure processes of the cortical bone under different loading conditions},
  journal = {Applied Bionics and Biomechanics},
  year = {2022},
  volume = {2022},
  pages = {1-9},
  doi = {10.1155/2022/3406984}
}

@article{Takata2011,
  author = {Takata, S. and Yonezu, H. and Shibata, A. and Enishi, T. and Sato, N. and Takahashi, M. and Nakao, S. and Komatsu, K. and Yasui, N.},
  title = {Mineral to matrix ratio determines biomaterial and biomechanical properties of rat femur -application of fourier transform infrared spectroscopy-},
  journal = {The Journal of Medical Investigation},
  year = {2011},
  volume = {58},
  issue = {3,4},
  pages = {197-202},
  doi = {10.2152/jmi.58.197}
}

@article{Lu2012,
  author = {Lu, Y. and Thiagarajan, G. and Nicolella, D. P. and Johnson, M.},
  title = {Load/strain distribution between ulna and radius in the mouse forearm compression loading model},
  journal = {Medical Engineering \& Physics},
  year = {2012},
  volume = {34},
  issue = {3},
  pages = {350-356},
  doi = {10.1016/j.medengphy.2011.07.022}
}

@article{Shaaban2006,
  author = {Shaaban, H. and Giakas, G. and Bolton, M. and Williams, R. L. and Wicks, P. and Scheker, L. R. and Lees, V. C.},
  title = {The load-bearing characteristics of the forearm: pattern of axial and bending force transmitted through ulna and radius},
  journal = {Journal of Hand Surgery},
  year = {2006},
  volume = {31},
  issue = {3},
  pages = {274-279},
  doi = {10.1016/j.jhsb.2005.12.009}
}