% Lab Manual
@manual{LM2023,
    title = "BME 285L Labortatory Manual",
	organization = "Department of Biology",
	year = "2023",
    key = "BME 285L Lab Manual"
}

% Solubility of iodide and reaction of KI with I2 into polyiodide
@article{Calabrese2000,
    author = "Calabrese, Vincent T. and Khan, Arshad",
    doi = "10.1021/jp992847r",
    title = "Polyiodine and Polyiodide Species in an Aqueous Solution of Iodine + KI: Theoretical and Experimental Studies",
    journal = "The Journal of Physical Chemistry A",
    year = "2000"
}

% amylose, amylopectin, amylose-iodine complex
@incollection{Ball2011,
  author    = "Ball, David W. and Hill, John W. and Scott, Rhonda J.",
  title     = "Polysaccharides",
  booktitle = "Introduction to Chemistry: General, Organic, and Biological",
  year      = "2011",
  publisher = "Flat World Knowledge"
}

% Amylose-iodine complex is CT complex
@article{Goedecke2016,
    author = "Goedecke, Catharina",
    doi = "10.1002/chemv.201600103",
    title = "Why Does Iodine Turn Starch Blue?",
    journal = "ChemistryViews",
    year = "2016"
}

% charge-transfer complex definition
@incollection{Aly2014,
title = "Chapter Four - Heterocycles from Donor-Acceptor Interactions",
editor = "Alan R. Katritzky",
booktitle = "Advances in Heterocyclic Chemistry",
publisher = "Academic Press",
volume = "112",
pages = "145-181",
year = "2014",
issn = "0065-2725",
doi = "10.1016/B978-0-12-800171-4.00004-4",
author = "Ashraf A. Aly and Alaa A. Hassan"
}

% charge-transfer light absorption
@incollection{Calatayud2013,
title = "Spectrophotometry | Pharmaceutical Applications",
editor = "Paul Worsfold and Colin Poole and Alan Townshend and Manuel Miró",
booktitle = "Encyclopedia of Analytical Science",
publisher = "Academic Press",
edition = "Third",
address = "Oxford",
pages = "249-262",
year = "2013",
isbn = "978-0-08-101984-9",
doi = "10.1016/B978-0-12-409547-2.00507-2",
author = "J. Martínez. Calatayud and L. Lahuerta. Zamora"
}

% wavelength absorption of amylose and amylopectin
@article{Brust2020,
    author = "Brust, Henrike and Orzechowski, Sławomir and Fettke, Joerg",
    doi = "10.3390/biom10071020",
    title = "Starch and Glycogen Analyses: Methods and Techniques",
    journal = "Biomolecules",
    year = "2020"
}

@article{Markina2016,
author = {Markina, Natalia E. and Pozharov, Mikhail V. and Markin, Alexey V.},
title = {Synthesis of Copper(I) Oxide Particles with Variable Color: Demonstrating Size-Dependent Optical Properties for High School Students},
journal = {Journal of Chemical Education},
volume = {93},
number = {4},
pages = {704-707},
year = {2016},
doi = {10.1021/acs.jchemed.5b00563}
}

@incollection{Bhagavan2002,
title = {CHAPTER 3 - Protein Isolation and Determination of Amino Acid Sequence},
editor = {N.V. Bhagavan},
booktitle = {Medical Biochemistry},
publisher = {Academic Press},
edition = {Fourth},
address = {San Diego},
pages = {35-50},
year = {2002},
isbn = {978-0-12-095440-7},
doi = {https://doi.org/10.1016/B978-012095440-7/50005-6},
author = {N.V. Bhagavan}
}