% Lab Manual
@manual{LM2023,
	title        = {BME 285L Labortatory Manual},
	year         = 2023,
	pages        = {39--47},
	organization = {Department of Biology},
	key          = {BME 285L Lab Manual}
}

@article{Alberty2007,
	title        = {Effects of pH in Rapid-Equilibrium Enzyme Kinetics},
	author       = {Alberty, Robert A.},
	year         = 2007,
	journal      = {The Journal of Physical Chemistry B},
	doi          = {10.1021/jp076742x}
}

@article{Alberty2005a,
	title        = {Components and Coupling in Enzyme-Catalyzed Reactions},
	author       = {Alberty, Robert A.},
	year         = 2005,
	journal      = {The Journal of Physical Chemistry B},
	doi          = {10.1021/jp045423s}
}

@article{Bomati2005,
	title        = {Structural and Kinetic Basis for Substrate Selectivity in <i>Populus Tremuloides</I> Sinapyl Alcohol Dehydrogenase},
	author       = {Bomati, E.K. and Noel, Joseph P.},
	year         = 2005,
	journal      = {The Plant Cell},
	doi          = {10.1105/tpc.104.029983}
}

@article{Taylor2005,
	title        = {How Family 26 Glycoside Hydrolases Orchestrate Catalysis on Different Polysaccharides},
	author       = {Taylor, Edward J. and Goyal, Arun and P. Guerreiro, Catarina I. and M. Prates, Jos\'{e} A. and Money, Victoria A. and Ferry, Nicolas and Morland, Carl and Planas, Antoni and Macdonald, J. A. and Stick, Robert V. and Gilbert, Harry J. and G. Fontes, Carlos M. and Davies, G.J.},
	year         = 2005,
	journal      = {Journal of Biological Chemistry},
	doi          = {10.1074/jbc.m506580200}
}

@article{Gold2009,
	title        = {Specific Enhancement of Proton Tunneling: A Possible Factor in Enzyme Catalysis},
	author       = {Gold, Harvey J.},
	year         = 2009,
	journal      = {International Journal of Quantum Chemistry},
	doi          = {10.1002/qua.560050736}
}

@article{Benitez1997,
	title        = {A Surface-Plasmon-Resonance Analysis of Polylysine Interactions With a Peptide Substrate of Protein Kinase CK2 and With the Enzyme},
	author       = {Ben\'{\i}tez, Mar\'{\i}a Jos\'{e} and Mier, Gerardo and Briones, F. and Moreno, Francisco J. and Jim\'{e}nez, Juan S.},
	year         = 1997,
	journal      = {Biochemical Journal},
	doi          = {10.1042/bj3240987}
}

@article{Zhang2008,
	title        = {Aldol Reaction Catalyzed by a Hydrophilic Catalyst in Aqueous Micelle as an Enzyme Mimic System},
	author       = {Zhang, Hefeng and Zhao, Wei and Zou, Jun and Liu, Yi and Li, Runtao and Cui, Yuanchen},
	year         = 2008,
	journal      = {Chirality},
	doi          = {10.1002/chir.20621}
}

@article{Maianti2019,
	title        = {Substrate-Selective Inhibitors That Reprogram the Activity of Insulin-Degrading Enzyme},
	author       = {Maianti, Juan Pablo and Tan, G.A. and Vetere, Amedeo and Welsh, A.J. and Wagner, Bridget K. and Seeliger, Markus A. and Liu, David R.},
	year         = 2019,
	journal      = {Nature Chemical Biology},
	doi          = {10.1038/s41589-019-0271-0}
}

@article{Wolfenden1999,
	title        = {The Temperature Dependence of Enzyme Rate Enhancements},
	author       = {Wolfenden, Richard and Snider, Mark J. and Ridgway, Caroline and Miller, Brian G.},
	year         = 1999,
	journal      = {Journal of the American Chemical Society},
	doi          = {10.1021/ja991280p}
}

@article{Aruna2021,
	title        = {Organosolvent Extraction Coupled With Steam Explosion Pretreatment of Wild Sugarcane and Optimization of Cellulase Activity Using Response Surface Methodology},
	author       = {Aruna, S. and Gobikrishnan, Sriramulu},
	year         = 2021,
	journal      = {Journal of Pure and Applied Microbiology},
	doi          = {10.22207/jpam.15.1.06}
}

@article{Zheng2008,
	title        = {Enhancement in the Synthesis of Novel Feruloyl Lipids (Feruloyl Butyryl Glycerides) by Enzymatic Biotransformation Using Response Surface Methodology},
	author       = {Zheng, Yan and Quan, Jing and Ning, Xin and Zhu, Li-Min},
	year         = 2008,
	journal      = {Journal of Agricultural and Food Chemistry},
	doi          = {10.1021/jf802478r}
}

@article{Gomez2006,
	title        = {Immobilization of Chitosan-Invertase Neoglycoconjugate on Carboxymethylcellulose-Modified Chitin},
	author       = {G\'{o}mez, Leissy and Ram\'{\i}rez, H\'{e}ctor L. and Villalonga, Reynaldo},
	year         = 2006,
	journal      = {Preparative Biochemistry \& Biotechnology},
	doi          = {10.1080/10826060600716695}
}

@article{Fouda2021,
	title        = {Production and Evaluation of Alpha-Amylase Produced From Bacillus Amyloliquefaciens},
	author       = {Fouda, Farhat},
	year         = 2021,
	journal      = {Annals of Agricultural Science Moshtohor},
	doi          = {10.21608/assjm.2021.194824}
}

@article{Alberty2007b,
	title        = {Changes in Binding of Hydrogen Ions in Enzyme-Catalyzed Reactions},
	author       = {Alberty, Robert A.},
	year         = 2007,
	journal      = {Biophysical Chemistry},
	doi          = {10.1016/j.bpc.2006.09.007}
}

@article{Yaseen2015,
	title        = {Study the Chemical Kinetics Properties for Adenosine Deaminase Enzyme (Aminohydrolase EC 3.5.4.4) ADA in Breast Cancer Patients},
	author       = {Yaseen, Muna M. and Al Rawi, Khalid F. and Al-Ani, Mohammad Q.},
	year         = 2015,
	journal      = {Journal of University of Anbar for Pure Science},
	doi          = {10.37652/juaps.2015.124458}
}

@article{Zucca2016,
	title        = {Agarose and Its Derivatives as Supports for Enzyme Immobilization},
	author       = {Zucca, Paolo and Fern\'{a}ndez-Lafuente, Roberto and Sanjust, Enrico},
	year         = 2016,
	journal      = {Molecules},
	doi          = {10.3390/molecules21111577}
}

@article{Sawai2009,
	title        = {X-Ray Crystal Structure of Michaelis Complex of Aldoxime Dehydratase},
	author       = {Sawai, Hitomi and Sugimoto, Hiroshi and Kato, Yasuo and Asano, Yasuhisa and Shiro, Yoshitsugu and Aono, Shigetoshi},
	year         = 2009,
	journal      = {Journal of Biological Chemistry},
	doi          = {10.1074/jbc.m109.018762}
}

@article{Mandel2010,
	title        = {Individual Differences in AMY1 Gene Copy Number, Salivary \ensuremath{\Alpha}-Amylase Levels, and the Perception of Oral Starch},
	author       = {Mandel, Abigail L. and des Gachons, Catherine Peyrot and Plank, Kimberly L. and Alarcon, Suzanne and Breslin, Paul A.S.},
	year         = 2010,
	journal      = {Plos One},
	doi          = {10.1371/journal.pone.0013352}
}

@article{Santos2012,
	title        = {Copy Number Polymorphism of the Salivary Amylase Gene: Implications in Human Nutrition Research},
	author       = {Santos, Jos\'{e} Luis and Saus, Ester and Smalley, Susan V. and Cataldo, Luis Rodrigo and Alberti, Gigliola and Parada, Javier and Gratac\`{o}s, M\'{o}nica and Estivill, Xavier},
	year         = 2012,
	journal      = {Lifestyle Genomics},
	doi          = {10.1159/000339951}
}

@article{DesGachons2016,
	title        = {Salivary Amylase: Digestion and Metabolic Syndrome},
	author       = {des Gachons, Catherine Peyrot and Breslin, Paul A.S.},
	year         = 2016,
	journal      = {Current Diabetes Reports},
	doi          = {10.1007/s11892-016-0794-7}
}

@article{Tracewell2009,
	title        = {Directed Enzyme Evolution: Climbing Fitness Peaks One Amino Acid at a Time},
	author       = {Tracewell, Cara A. and Arnold, Frances H.},
	year         = 2009,
	journal      = {Current Opinion in Chemical Biology},
	doi          = {10.1016/j.cbpa.2009.01.017}
}

@article{Parmeggiani2017,
	title        = {Synthetic and Therapeutic Applications of Ammonia-Lyases and Aminomutases},
	author       = {Parmeggiani, Fabio and Weise, Nicholas J. and Ahmed, Syed Thouheed and Turner, Nicholas J.},
	year         = 2017,
	journal      = {Chemical Reviews},
	doi          = {10.1021/acs.chemrev.6b00824}
}

@article{Frushicheva2014,
	title        = {Computer Aided Enzyme Design and Catalytic Concepts},
	author       = {Frushicheva, Maria P. and L. Mills, Matthew J. and Schopf, Patrick and Singh, Manoj K. and Prasad, Ram and Warshel, Arieh},
	year         = 2014,
	journal      = {Current Opinion in Chemical Biology},
	doi          = {10.1016/j.cbpa.2014.03.022}
}

@article{Asanomi2011,
	title        = {Enzyme-Immobilized Microfluidic Process Reactors},
	author       = {Asanomi, Yuya and Yamaguchi, Hiroshi and Miyazaki, Masaya and Maeda, Hideaki},
	year         = 2011,
	journal      = {Molecules},
	doi          = {10.3390/molecules16076041}
}

@article{DHaese2014,
	title        = {Treatment Options in Painful Chronic Pancreatitis: A Systematic Review},
	author       = {D'Haese, Jan G. and Ceyhan, G\"{u}ralp O. and Demir, Ihsan Ekin and Tieftrunk, Elke and Friess, Helmut},
	year         = 2014,
	journal      = {Hpb},
	doi          = {10.1111/hpb.12173}
}

@article{Wijma2013,
	title        = {Computational Design Gains Momentum in Enzyme Catalysis Engineering},
	author       = {Wijma, Hein J. and Janssen, Dick B.},
	year         = 2013,
	journal      = {Febs Journal},
	doi          = {10.1111/febs.12324}
}

@article{Kim2016,
	title        = {Nanoparticles for Use in Enzyme Assays},
	author       = {Kim, Young-Pil and Kim, Kwang Ho},
	year         = 2016,
	journal      = {Chembiochem},
	doi          = {10.1002/cbic.201500512}
}

@article{Li2012,
	title        = {Computational Enzyme Design Approaches With Significant Biological Outcomes: Progress and Challenges},
	author       = {Li, Xiaoman and Zhang, Ziding and Song, Jiangning},
	year         = 2012,
	journal      = {Computational and Structural Biotechnology Journal},
	doi          = {10.5936/csbj.201209007}
}

@article{Wang2019,
	title        = {Biocompatible Iodine–Starch–Alginate Hydrogel for Tumor Photothermal Therapy},
	author       = {Wang, Haoyu and Jiang, Limei and Wu, Huanhuan and Zheng, Weiya and Kan, Di and Cheng, Ran and Yan, Jing and Chen, Yu and Sun, Shao-Kai},
	year         = 2019,
	journal      = {Acs Biomaterials Science \& Engineering},
	doi          = {10.1021/acsbiomaterials.9b00280}
}

@article{Fleischer2019,
	title        = {The Iodine Test for Reducing Sugars – A Safe, Quick and Easy Alternative to Copper(II) and Silver(I) Based Reagents},
	author       = {Fleischer, Holger},
	year         = 2019,
	journal      = {World Journal of Chemical Education},
	doi          = {10.12691/wjce-7-2-3}
}

@article{Thakar2020,
	title        = {DNA Profiling of Saliva Traces Habitually Deposited on Various Documents: A Pilot Study},
	author       = {Thakar, Mukesh Kumar and Sahajpal, Vivek and Bhambara, Amandeep Kaur and Bhandari, Deepika and Sharma, Arun},
	year         = 2020,
	journal      = {Egyptian Journal of Forensic Sciences},
	doi          = {10.1186/s41935-020-00188-1}
}

@article{Trepeta1984,
	title        = {Measurement of Microbial Alpha-Amylases With P-Nitrophenyl Glycosides as the Substrate Complex},
	author       = {Trepeta, Richard W. and Edberg, Stephen C.},
	year         = 1984,
	journal      = {Journal of Clinical Microbiology},
	doi          = {10.1128/jcm.19.1.60-62.1984}
}

@article{Rathore2009,
	title        = {Starch phosphorylase: role in starch metabolism and biotechnological applications},
	author       = {Rathore, R. S. and Garg, N. and Garg, S. and Kumar, A.},
	year         = 2009,
	journal      = {Critical Reviews in Biotechnology},
	volume       = 29,
	pages        = {214--224},
	doi          = {10.1080/07388550902926063},
	issue        = 3
}

@article{Cuesta2017,
	title        = {Functional and structural characterization of plastidic starch phosphorylase during barley endosperm development},
	author       = {Cuesta-Seijo, J. A. and Ruzanski, C. and Krucewicz, K. and Meier, S. and H\"{a}gglund, P. and Svensson, B. and Palcic, M. M.},
	year         = 2017,
	journal      = {Plos One},
	volume       = 12,
	pages        = {e0175488},
	doi          = {10.1371/journal.pone.0175488},
	issue        = 4
}

@article{Wang2013,
	title        = {Insights into the ``free state'' enzyme reaction kinetics in nanoconfinement},
	author       = {Wang, C. and Ye, D. and Wang, Y. and Lu, T. and Xia, X.},
	year         = 2013,
	journal      = {Lab on a Chip},
	volume       = 13,
	pages        = 1546,
	doi          = {10.1039/c3lc41319e},
	issue        = 8
}
